@misc{01,
author = {Simone Kauffeld and Nale Lehmann-Willenbrock},
title ={{Meetings Matter: Effects of Team Meetings on Team and Organizational Success}},
howpublished = "\url{https://doi.org/10.1177/1046496411429599}",
year = {2012},
}
@misc{05,
author = {"Luong A., & Rogelberg S. G."},
title = {Meetings and More Meetings: The Relationship Between Meeting Load and the Daily Well-Being of Employees},
howpublished = "\url{https://doi.org/10.1037/1089-2699.9.1.58}",
year = {2005}, 
}
@misc{06,
author = {{Max Palmer}},
title = {Got Too Many Meetings? Here’s How to Cut Back" [Online].},
howpublished = "\url{https://www.calendar.com/blog/got-too-many-meetings-heres-how-to-cut-back/}",
year = {2022}, 
}
@misc{04,
author = {{Berente, Nicholas and Howison, James}},
title ={Strategies for Success in Virtual Collaboration: Structures and Norms for Meetings, Workflow, and Technological Platforms"},
howpublished="\url{https://doi.org/10.1007/978-3-030-20992-6_43}",
year={2019},
}
@misc{07,
author ={{Riku Reunamäki and Carl F. Fey}},
title = {Remote agile: Problems, solutions, and pitfalls to avoid},
howpublished="\url{https://www.sciencedirect.com/science/article/pii/S000768132200129X}",
year = {2023},
}
@misc{08,
author ={{De Stefano, Valerio and Wouters, Mathias}},
title = {AI and digital tools in workplace management and evaluation: An assessment of the EU's legal framework},
howpublished="\url{https://papers.ssrn.com/sol3/papers.cfm?abstract_id=4144899}",
year = {2022},
}
@misc{09,
author ={{Rogelberg, Steven G. and Allen, Joseph A. and Shanock, Linda and Scott, Cliff and Shuffler, Marissa}},
title = {Employee satisfaction with meetings: A contemporary facet of job satisfaction},
howpublished="\url{https://onlinelibrary.wiley.com/doi/abs/10.1002/hrm.20339}",
year={2010},
}
@misc{10,
author ={{Khamisa, Natasha and Oldenburg, Brian and Peltzer, Karl and Ilic, Dragan}},
title = {Work Related Stress, Burnout, Job Satisfaction and General Health of Nurses},
howpublished="\url{https://www.mdpi.com/1660-4601/12/1/652}",
year={2015},
}
@misc{11,
author ={{Alice N. L. Kwong and Elsie C. W. Yan}},
title = {The Role of Quality of Face-to-face Intergenerational Contact in Reducing Ageism: The Perspectives of Young People},
howpublished="\url{https://doi.org/10.1080/15350770.2021.1952134}",
year={2023},
}
@misc{12,
author ={{Wang, XiaoHu ,  Wei, XiaNan , Van Wart, Montgomery , McCarthy, Alma , Liu, Cheol, Kim, Soonhee and Ready, David H.}},
title = {The role of E-leadership in ICT utilization: a project management perspective},
howpublished="\url{https://doi.org/10.1080/15350770.2021.1952134}",
year={2023},
}
@misc{13,
author ={{LeBlanc LA, Nosik MR}},
title = {Planning and Leading Effective Meetings. Behav Anal Pract.},
howpublished="\url{https://doi.org/10.1007/s40617-019-00330-z}",
year={2023},
}
@misc{14,
author ={{Piraquive, Flor Nancy D{\'i}az and Garc{\'i}a, V{\'i}ctor Hugo Medina
and Aguilar, Luis Joyanes}},
title = {Technological Tools Virtual Collaborative to Support Knowledge Management in Project Management},
howpublished="\url{https://doi.org/10.1007/978-3-642-30867-3_15}",
year={2013},
}
@misc{15,
author ={{Raphaela Brandner Meister}},
title = {10 Meeting Rules to Host Productive and Effective Meetings},
howpublished="\url{https://www.mindmeister.com/blog/rules-conducting-effective-meetings/#:~:text=10%20Meeting%20Rules%20for%20Productive%20and%20Effective%20Meetings,times%20for%20each%20agenda%20item%20...%20More%20items}",
year={2023},
}
@misc{16,
    author={{Maureen L. Mackenzie}},
    title ={{Manager communication and workplace trust: Understanding manager and employee perceptions in the e-world}},
    howpublished = "\url{https://www.sciencedirect.com/science/article/pii/S0268401210000563}",
    year={2010}
}
@misc{17,
    author={{Ferhat Beyaz}},
    title = {{Too Many Meetings? 15 Brilliant Ways To Stop Your Meeting Fatigue Now}},
    howpublished ="\url{https://exploo.com/too-many-meetings}" ,
    year={2022}
}