@misc{01,
  author = {Kongres Pengajaran dan Pembelajaran UKM},
  title = {{ResearchGate. "What is your motivation for writing a research paper?" [Online].}},
  howpublished = "\url{https://www.sciencedirect.com/science/article/pii/S1877042811011438/pdf?md5=6f35553e48f8db3ecf7df7b2e7f5aa95&pid=1-s2.0-S1877042811011438-main.pdf}",
  year = {2010}, 
}
@misc{02,
  author = {Powered by AI and the LinkedIn community},
  title = {{LinkedIn. "How do you write a compelling background and motivation section for your technical report?" [Online].}},
  howpublished = "\url{https://www.linkedin.com/advice/3/how-do-you-write-compelling-background-motivation}",
  year = {2023}, 
}
@misc{03,
  author = {Henry Bwisa},
  title = {{"The basics of writing a statement of the problem for your research proposal" [Online].}},
  howpublished = "\url{https://www.editage.com/insights/the-basics-of-writing-a-statement-of-the-problem-for-your-research-proposal}",
  year = {2018}, 
}
@misc{04,
  author = {Salome Stolle},
  title = {{"Problem Statement: When to use it \& Examples" [Online].}},
  howpublished = "\url{https://www.bachelorprint.com/research-process/problem-statement/}",
  year = {2023}, 
}@misc{05,
  author = {},
  title = {{"Problem Statement, Purpose Statement, and Research Question" [Online].}},
  howpublished = "\url{https://resources.nu.edu/c.php?g=1006886&p=7294692}",
  year = {2023}, 
}
@misc{06,
  author = {Max Palmer},
  title = {{"Got Too Many Meetings? Hereâ€™s How to Cut Back" [Online].}},
  howpublished = "\url{https://www.calendar.com/blog/got-too-many-meetings-heres-how-to-cut-back/}",
  year = {2022}, 
}